%% This BibTeX bibliography file was created using BibDesk.
%% https://bibdesk.sourceforge.io/

%% Created for Peter Tran at 2021-08-25 20:54:49 +0200 


%% Saved with string encoding Unicode (UTF-8) 



@misc{bunny_medium,
	date-added = {2021-08-25 13:24:01 +0200},
	date-modified = {2021-08-25 20:52:12 +0200},
	note = {https://pancakebunny.medium.com},
	url = {https://pancakebunny.medium.com},
	Bdsk-Url-1 = {https://pancakebunny.medium.com}}

@misc{bsc_summit,
	date-added = {2021-08-25 13:23:44 +0200},
	date-modified = {2021-08-25 20:51:50 +0200},
	month = {August},
	note = {https://www.youtube.com/watch?v=kEiFWvwaFYQ},
	url = {https://www.youtube.com/watch?v=kEiFWvwaFYQ},
	year = {2021},
	Bdsk-Url-1 = {https://www.youtube.com/watch?v=kEiFWvwaFYQ}}

@misc{qbt_testnet,
	date-added = {2021-08-25 13:23:24 +0200},
	date-modified = {2021-08-25 20:51:26 +0200},
	note = {https://testnet.qbt.fi/app},
	url = {https://testnet.qbt.fi/app},
	Bdsk-Url-1 = {https://testnet.qbt.fi/app}}

@misc{bunny_hexlant_peckshield,
	date-added = {2021-08-25 13:22:54 +0200},
	date-modified = {2021-08-25 20:50:21 +0200},
	note = {https://pancakebunny.medium.com/qubit-launch-get-ready-for-liftoff-54ff84c72d6a},
	url = {https://pancakebunny.medium.com/qubit-launch-get-ready-for-liftoff-54ff84c72d6a},
	Bdsk-Url-1 = {https://pancakebunny.medium.com/qubit-launch-get-ready-for-liftoff-54ff84c72d6a}}

@misc{bunny_theori,
	date-added = {2021-08-25 13:22:20 +0200},
	date-modified = {2021-08-25 20:49:50 +0200},
	note = {https://pancakebunny.medium.com/pancakebunny-security-bulletin-9b03c42d2512},
	url = {https://pancakebunny.medium.com/pancakebunny-security-bulletin-9b03c42d2512},
	Bdsk-Url-1 = {https://pancakebunny.medium.com/pancakebunny-security-bulletin-9b03c42d2512}}

@misc{bunny_immunefi,
	date-added = {2021-08-25 13:21:08 +0200},
	date-modified = {2021-08-25 20:48:46 +0200},
	note = {https://pancakebunny.medium.com/prioritizing- security-multi-layer-code-review-with-immunefi-7966d1059d08},
	url = {https://pancakebunny.medium.com/prioritizing- security-multi-layer-code-review-with-immunefi-7966d1059d08},
	Bdsk-Url-1 = {https://pancakebunny.medium.com/prioritizing-%20security-multi-layer-code-review-with-immunefi-7966d1059d08}}

@misc{bsc_debank,
	date-added = {2021-08-25 13:20:43 +0200},
	date-modified = {2021-08-25 20:54:48 +0200},
	note = {https://debank.com/ranking/locked{\_}value?chain=bsc\&chart{\_}date=1Y},
	url = {https://debank.com/ranking/locked{\_}value?chain=bsc\&chart{\_}date=1Y},
	Bdsk-Url-1 = {https://debank.com/ranking/locked_value?chain=bsc&chart_date=1Y}}

@misc{binance_listed,
	date-added = {2021-08-25 13:20:29 +0200},
	date-modified = {2021-08-25 20:46:38 +0200},
	note = {https://www.binance.com/en/support/announcement/df5d03f70fb446fd9f0948fed8b5d7eb},
	url = {https://www.binance.com/en/support/announcement/df5d03f70fb446fd9f0948fed8b5d7eb},
	Bdsk-Url-1 = {https://www.binance.com/en/support/announcement/df5d03f70fb446fd9f0948fed8b5d7eb}}

@misc{bunny_qbt,
	date-added = {2021-08-25 13:19:40 +0200},
	date-modified = {2021-08-25 20:45:32 +0200},
	note = {https://pancakebunny.medium.com/?p=310fb2b2c9cb},
	url = {https://pancakebunny.medium.com/?p=310fb2b2c9cb},
	Bdsk-Url-1 = {https://pancakebunny.medium.com/?p=310fb2b2c9cb}}

@misc{bunny_reddit,
	date-added = {2021-08-25 13:18:54 +0200},
	date-modified = {2021-08-25 20:31:41 +0200},
	note = {https://www.reddit.com/r/PancakeBunny/},
	url = {https://www.reddit.com/r/PancakeBunny/},
	Bdsk-Url-1 = {https://www.reddit.com/r/PancakeBunny/}}

@misc{bunny_twitter,
	date-added = {2021-08-25 13:18:42 +0200},
	date-modified = {2021-08-25 20:31:09 +0200},
	note = {https://twitter.com/PancakeBunnyFin},
	url = {https://twitter.com/PancakeBunnyFin},
	Bdsk-Url-1 = {https://twitter.com/PancakeBunnyFin}}

@misc{bunny_tg,
	date-added = {2021-08-25 13:18:31 +0200},
	date-modified = {2021-08-25 20:30:29 +0200},
	note = {https://t.co/ZtXqcJEQAx?amp=1},
	url = {https://t.co/ZtXqcJEQAx?amp=1},
	Bdsk-Url-1 = {https://t.co/ZtXqcJEQAx?amp=1}}

@misc{bunny_discord,
	date-added = {2021-08-25 13:18:01 +0200},
	date-modified = {2021-08-25 20:29:31 +0200},
	note = {https://discord.gg/AAuU6BWu},
	url = {https://discord.gg/AAuU6BWu},
	Bdsk-Url-1 = {https://discord.gg/AAuU6BWu}}

@misc{cmc,
	date-added = {2021-08-25 13:17:51 +0200},
	date-modified = {2021-08-25 20:24:24 +0200},
	note = {https://coinmarketcap.com/currencies/pancakebunny/},
	url = {https://coinmarketcap.com/currencies/pancakebunny/},
	Bdsk-Url-1 = {https://coinmarketcap.com/currencies/pancakebunny/}}

@misc{defistation,
	date-added = {2021-08-25 13:17:33 +0200},
	date-modified = {2021-08-25 20:23:24 +0200},
	note = {https://www.defistation.io},
	url = {https://www.defistation.io},
	Bdsk-Url-1 = {https://www.defistation.io}}

@misc{rekt_leaderboard,
	date-added = {2021-08-25 13:17:15 +0200},
	date-modified = {2021-08-25 20:21:40 +0200},
	note = {https://www.rekt.news/leaderboard/},
	url = {https://www.rekt.news/leaderboard/},
	Bdsk-Url-1 = {https://www.rekt.news/leaderboard/}}

@misc{polybunny_minted,
	date-added = {2021-08-25 13:16:57 +0200},
	date-modified = {2021-08-25 20:20:50 +0200},
	note = {https://pancakebunny.medium.com/polybunny-post-mortem-compensation-42b5c35ce957},
	url = {https://pancakebunny.medium.com/polybunny-post-mortem-compensation-42b5c35ce957},
	Bdsk-Url-1 = {https://pancakebunny.medium.com/polybunny-post-mortem-compensation-42b5c35ce957}}

@misc{bunny_minted,
	date-added = {2021-08-25 13:16:28 +0200},
	date-modified = {2021-08-25 20:18:19 +0200},
	note = {https://bscscan.com/tokencheck-tool?t=0xc9849e6fdb743d08faee3e34dd2d1bc69ea11a51},
	url = {https://bscscan.com/tokencheck-tool?t=0xc9849e6fdb743d08faee3e34dd2d1bc69ea11a51},
	Bdsk-Url-1 = {https://bscscan.com/tokencheck-tool?t=0xc9849e6fdb743d08faee3e34dd2d1bc69ea11a51}}

@misc{fl_attack,
	date-added = {2021-08-25 13:15:52 +0200},
	date-modified = {2021-08-25 20:17:04 +0200},
	note = {https://pancakebunny.medium.com/hello-bunny-fam-a7bf0c7a07ba},
	url = {https://pancakebunny.medium.com/hello-bunny-fam-a7bf0c7a07ba},
	Bdsk-Url-1 = {https://pancakebunny.medium.com/hello-bunny-fam-a7bf0c7a07ba}}

@misc{bunny,
	date-added = {2021-08-25 13:15:08 +0200},
	date-modified = {2021-08-25 20:15:33 +0200},
	note = {0xc9849e6fdb743d08faee3e34dd2d1bc69ea11a51}}

@misc{mvb,
	date-added = {2021-08-25 13:14:31 +0200},
	date-modified = {2021-08-25 20:13:48 +0200},
	note = {https://www.binance.org/en/blog/the-most-valuable-builder-mvb-ii-the-big-bang-of-nfts/},
	url = {https://www.binance.org/en/blog/the-most-valuable-builder-mvb-ii-the-big-bang-of-nfts/},
	Bdsk-Url-1 = {https://www.binance.org/en/blog/the-most-valuable-builder-mvb-ii-the-big-bang-of-nfts/}}

@misc{unirank,
	date-added = {2021-08-25 13:13:56 +0200},
	date-modified = {2021-08-25 20:09:27 +0200},
	note = {https://www.topuniversities.com/university-rankings/},
	url = {https://www.topuniversities.com/university-rankings/},
	Bdsk-Url-1 = {https://www.topuniversities.com/university-rankings/}}

@misc{junhur,
	date-added = {2021-08-25 13:13:38 +0200},
	date-modified = {2021-08-25 20:12:06 +0200},
	note = {https://kr.linkedin.com/in/jun-hur-615b653},
	url = {https://kr.linkedin.com/in/jun-hur-615b653},
	Bdsk-Url-1 = {https://kr.linkedin.com/in/jun-hur-615b653}}

@misc{qbt_live,
	date-added = {2021-08-25 13:13:22 +0200},
	date-modified = {2021-08-25 20:12:37 +0200},
	note = {https://pancakebunny.medium.com/updates-from-devs-qubit-launch-mound-vault-24cd95f01af3},
	url = {https://pancakebunny.medium.com/updates-from-devs-qubit-launch-mound-vault-24cd95f01af3},
	Bdsk-Url-1 = {https://pancakebunny.medium.com/updates-from-devs-qubit-launch-mound-vault-24cd95f01af3}}

@misc{pcb_pool,
	date-added = {2021-08-25 13:12:46 +0200},
	date-modified = {2021-08-25 20:09:08 +0200},
	note = {https://pancakebunny.finance/pool},
	url = {https://pancakebunny.finance/pool},
	Bdsk-Url-1 = {https://pancakebunny.finance/pool}}

@misc{qbt,
	date-added = {2021-08-25 13:12:18 +0200},
	date-modified = {2021-08-25 20:03:29 +0200},
	note = {https://qbt.fi/prelaunch},
	url = {https://qbt.fi/prelaunch},
	Bdsk-Url-1 = {https://qbt.fi/prelaunch}}

@misc{polyb,
	date-added = {2021-08-25 13:11:52 +0200},
	date-modified = {2021-08-25 20:02:30 +0200},
	note = {https://polygon.pancakebunny.finance},
	url = {https://polygon.pancakebunny.finance},
	Bdsk-Url-1 = {https://polygon.pancakebunny.finance}}

@misc{pcb,
	date-added = {2021-08-25 13:11:34 +0200},
	date-modified = {2021-08-25 19:49:51 +0200},
	note = {https://pancakebunny.finance},
	Bdsk-Url-1 = {https://pancakebunny.finance}}

@misc{mnd,
	date-added = {2021-08-25 13:10:30 +0200},
	date-modified = {2021-08-25 20:00:15 +0200},
	note = {http://m.mound.finance/mobile{\_}index{\_}en.html},
	Bdsk-Url-1 = {http://m.mound.finance/mobile_index_en.html}}

@misc{tth,
	date-modified = {2021-08-25 13:41:43 +0200},
	note = {bunny num num, available at http://hutchinson.belmont.ma.us/tth/ .}}

@misc{use2e,
	date-modified = {2021-08-25 13:56:18 +0200},
	note = {As the mark-up of the \TeX\ source for this document makes clear, your file should be coded in \LaTeX 2${\varepsilon}$, not \LaTeX\ 2.09 or an earlier release. Also, please use the \texttt{article} document class.}}

@misc{inclme,
	date-modified = {2021-08-25 13:59:27 +0200},
	note = {Among whom are the author of this document. The ``real'' references and notes contained herein were compiled using B{\small{IB}}\TeX\ from the sample .bib file \texttt{scibib.bib}, the style package \texttt{scicite.sty}, and the bibliography style file \texttt{Science.bst}.}}

@misc{nattex,
	note = {One of the equation editors we use, Equation Magic (MicroPress Inc., Forest Hills, NY; http://www.micropress-inc.com/), interprets native \TeX\ source code and generates an equation as an OLE picture object that can then be cut and pasted directly into Word. This editor, however, does not handle \LaTeX\ environments (such as \texttt{\{array\}} or \texttt{\{eqnarray\}}); it can interpret only \TeX\ codes. Thus, when there's a choice, we ask that you avoid these \LaTeX\ calls in displayed math --- for example, that you use the \TeX\ \verb+\matrix+ command for ordinary matrices, rather than the \LaTeX\ \texttt{\{array\}} environment.}}
