%% This BibTeX bibliography file was created using BibDesk.
%% https://bibdesk.sourceforge.io/

%% Created for Peter Tran at 2021-12-05 22:07:00 +0100 


%% Saved with string encoding Unicode (UTF-8) 



@misc{pandora,
	author = {neo4j},
	date-added = {2021-12-03 12:27:57 +0100},
	date-modified = {2021-12-03 13:23:25 +0100},
	howpublished = {https://neo4j.com/developer-blog/exploring-the-pandora-papers-with-neo4j/},
	keywords = {https://neo4j.com/developer-blog/exploring-the-pandora-papers-with-neo4j/}}

@misc{panama,
	author = {neo4j},
	date-added = {2021-12-03 12:27:40 +0100},
	date-modified = {2021-12-03 13:23:22 +0100},
	howpublished = {https://neo4j.com/blog/analyzing-panama-papers-neo4j/},
	keywords = {https://neo4j.com/blog/analyzing-panama-papers-neo4j/}}

@misc{logmap,
	author = {{May, R.}},
	date-added = {2021-12-02 20:52:03 +0100},
	date-modified = {2021-12-03 14:01:28 +0100},
	howpublished = {Nature. 261 (5560): 459--467},
	keywords = {doi:10.1038/261459a0. hdl:10338.dmlcz/104555. PMID 934280. S2CID 2243371},
	title = {Simple mathematical models with very complicated dynamics},
	year = {1976}}

@misc{mm,
	author = {{Srinivasan, B.}},
	date-added = {2021-12-02 13:52:09 +0100},
	date-modified = {2021-12-03 14:01:47 +0100},
	howpublished = {ChemMedChem. 16 (6): 899--918},
	keywords = {doi:10.1002/cmdc.202000791. PMID 33231926. S2CID 227157473.},
	title = {Explicit Treatment of Non‐Michaelis‐Menten and Atypical Kinetics in Early Drug Discovery},
	year = {2021}}

@misc{bscholes,
	author = {{Boyle, P., Mcdougall, J.}},
	date-added = {2021-12-02 12:08:17 +0100},
	date-modified = {2021-12-03 13:47:59 +0100},
	howpublished = {Book},
	title = {Derivatives for the trading floor},
	year = {2020}}

@misc{evogame,
	author = {{Heap, S., Varoufakis, Y.}},
	date-added = {2021-12-01 21:36:32 +0100},
	date-modified = {2021-12-03 13:46:16 +0100},
	howpublished = {Routledge},
	title = {Game Theory: A Critical Text},
	year = {2004}}

@misc{egt,
	author = {Stanford University},
	date-added = {2021-12-01 14:26:23 +0100},
	date-modified = {2021-12-03 13:57:25 +0100},
	howpublished = {https://plato.stanford.edu/entries/game-evolutionary/},
	keywords = {https://plato.stanford.edu/entries/game-evolutionary/}}

@misc{cryptovolume,
	author = {Coinmarketcap},
	date-added = {2021-12-01 11:58:46 +0100},
	date-modified = {2021-12-05 22:06:56 +0100},
	howpublished = {https://coinmarketcap.com/charts/},
	keywords = {https://coinmarketcap.com/charts/}}

@misc{mango,
	author = {Mango markets},
	date-added = {2021-12-01 11:18:21 +0100},
	date-modified = {2021-12-03 13:45:09 +0100},
	howpublished = {https://trade.mango.markets/market?name=BTC-PERP},
	keywords = {https://trade.mango.markets/market?name=BTC-PERP},
	year = {2021}}

@misc{dexfee,
	author = {Dexlab},
	date-added = {2021-12-01 11:15:42 +0100},
	date-modified = {2021-12-05 19:30:08 +0100},
	keywords = {https://docs.dexlab.space/products/getting-started/dexlab-dex/trading-fees},
	title = {https://docs.dexlab.space/products/getting-started/dexlab-dex/trading-fees},
	year = {2021}}

@misc{dexlab,
	author = {Dexlab},
	date-added = {2021-12-01 11:13:16 +0100},
	date-modified = {2021-12-05 19:30:22 +0100},
	keywords = {https://www.dexlab.space},
	title = {https://www.dexlab.space},
	year = {2021}}

@misc{serum,
	date-added = {2021-12-01 11:09:21 +0100},
	date-modified = {2021-12-03 13:21:55 +0100},
	howpublished = {https://raydium.gitbook.io/raydium/exchange-trade-and-swap/trade-and-swap},
	keywords = {https://raydium.gitbook.io/raydium/exchange-trade-and-swap/trade-and-swap},
	year = {2021}}

@misc{raydium,
	author = {Raydium},
	date-added = {2021-12-01 11:02:22 +0100},
	date-modified = {2021-12-05 19:25:33 +0100},
	keywords = {https://raydium.io/info/},
	title = {https://raydium.io/info/},
	year = {2021}}

@misc{decay,
	author = {{R{\"o}sch, F.}},
	date-added = {2021-11-30 14:03:40 +0100},
	date-modified = {2021-12-03 14:00:50 +0100},
	keywords = {ISBN 978-3-11-022191-6},
	title = {Nuclear- and Radiochemistry: Introduction},
	year = {2014}}

@misc{btc,
	date-added = {2021-11-30 13:52:57 +0100},
	date-modified = {2021-12-05 19:29:30 +0100},
	howpublished = {Glassnode},
	keywords = {https://studio.glassnode.com/metrics?a=BTC&m=mining.MinersUnspentSupply},
	title = {{https://studio.glassnode.com/metrics?a=BTC\&m=mining.MinersUnspentSupply}},
	year = {2021}}

@misc{menten,
	author = {{Srinivasan, B.}},
	date-added = {2021-11-30 12:30:38 +0100},
	date-modified = {2021-12-03 14:01:35 +0100},
	howpublished = {The FEBS Journal},
	keywords = {ISSN 1742-464X. PMID 34270860},
	title = {A Guide to the Michaelis-Menten equation: Steady state and beyond},
	year = {2021}}

@misc{game,
	author = {{Maynard-Smith, J.}},
	date-added = {2021-11-30 12:28:45 +0100},
	date-modified = {2021-12-03 14:01:10 +0100},
	howpublished = {Cambridge University Press},
	title = {Evolution and the Theory of Games},
	year = {1982}}

@misc{burn,
	author = {Binance},
	date-added = {2021-11-28 21:50:03 +0100},
	date-modified = {2021-12-03 13:25:42 +0100},
	howpublished = {https://academy.binance.com/en/articles/what-is-a-coin-burn},
	keywords = {https://academy.binance.com/en/articles/what-is-a-coin-burn},
	title = {What Is a Coin Burn},
	year = {2018}}

@misc{il,
	author = {{Aigner, A., Dhaliwal, G.}},
	date-added = {2021-11-28 21:08:38 +0100},
	date-modified = {2021-12-03 13:45:41 +0100},
	keywords = {https://arxiv.org/pdf/2106.14404.pdf},
	title = {UNISWAP: Impermanent Loss and Risk Profile of a Liquidity Provider},
	year = {2021}}

@misc{aob,
	author = {Serum},
	date-added = {2021-11-28 20:27:05 +0100},
	date-modified = {2021-12-03 13:22:41 +0100},
	howpublished = {https://docs.projectserum.com/appendix/serum-core},
	keywords = {https://docs.projectserum.com/appendix/serum-core},
	title = {Serum Core},
	year = {2021}}

@misc{auction,
	author = {{Vijay, K.}},
	date-added = {2021-11-28 20:04:47 +0100},
	date-modified = {2021-12-03 14:00:21 +0100},
	howpublished = {Book},
	keywords = {ISBN 978-0-12-426297-3},
	title = {Auction Theory},
	year = {2002}}

@misc{reddit,
	author = {{Medvedev, A., Lambiotte, R., Delvenne, J.}},
	date-added = {2021-11-25 13:11:32 +0100},
	date-modified = {2021-12-03 13:43:33 +0100},
	title = {The Anatomy of Reddit: An Overview of Academic Research},
	year = {2019}}

@misc{metaverse,
	author = {{Lik-Hang, L., Braud, T., Zhou, P.}},
	date-added = {2021-11-25 13:00:22 +0100},
	date-modified = {2021-12-03 13:44:51 +0100},
	title = {All One Needs to Know about Metaverse: A Complete Survey on Technological Singularity, Virtual Ecosystem, and Research Agenda},
	year = {2021}}

@misc{holo,
	author = {{Arsenault, E.}},
	date-added = {2021-11-25 12:23:30 +0100},
	date-modified = {2021-12-03 14:01:15 +0100},
	howpublished = {https://medium.com/daostack/voting-options-in-daos-b86e5c69a3e3},
	keywords = {https://medium.com/daostack/voting-options-in-daos-b86e5c69a3e3},
	title = {Voting Options in DAOs}}

@misc{tezos,
	author = {{De Filippi, P., Loveluck, B.}},
	date-added = {2021-11-25 12:02:05 +0100},
	date-modified = {2021-12-03 13:43:05 +0100},
	howpublished = {Internet Policy Review (5:4)},
	keywords = {(https://papers.ssrn.com/abstract=2852691)},
	title = {The Invisible Politics of Bitcoin: Governance Crisis of a Decentralized Infrastructure},
	year = {2016}}

@misc{dao,
	author = {{Ziolkowski, R., Miscione G., Schwabe, G.}},
	date-added = {2021-11-25 11:37:59 +0100},
	date-modified = {2021-12-03 13:47:37 +0100},
	title = {Exploring Decentralized Autonomous Organizations: Towards Shared Interests and 'Code is Constitution'},
	year = {2020}}

@misc{polkadot,
	author = {{Wood, G.}},
	date-added = {2021-11-24 21:20:48 +0100},
	date-modified = {2021-12-03 14:01:54 +0100},
	howpublished = {POLKADOT: VISION FOR A HETEROGENEOUS MULTI-CHAIN FRAMEWORK},
	keywords = {https://polkadot.network/PolkaDotPaper.pdf},
	year = {2016}}

@misc{arweave,
	author = {{Williams, S., Diordiiev, V., Berman, L.}},
	date-added = {2021-11-24 21:07:03 +0100},
	date-modified = {2021-12-03 13:48:08 +0100},
	keywords = {https://www.arweave.org/yellow-paper.pdf},
	title = {Arweave: A Protocol for Economically Sustainable Information Permanence},
	year = {2018}}

@misc{steffenGanghof,
	author = {{Ganghof, S.}},
	date-added = {2021-11-24 13:28:16 +0100},
	date-modified = {2021-12-03 14:02:13 +0100},
	howpublished = {Politics},
	title = {Equality-based comparison: how to justify democratic institutions in the real world},
	year = {2013}}

@misc{id1,
	author = {{Blum, C., Zuber, C.}},
	date-added = {2021-11-24 13:09:51 +0100},
	date-modified = {2021-12-03 13:45:50 +0100},
	title = {Liquid Democracy: Potentials, Problems, and Perspectives},
	year = {2016}}

@misc{liquidDemocracy,
	author = {{Paulin, A.}},
	date-added = {2021-11-24 12:59:35 +0100},
	date-modified = {2021-12-03 14:01:22 +0100},
	doi = {10.1145/3396956.3396963},
	month = {06},
	pages = {116-121},
	title = {An Overview of Ten Years of Liquid Democracy Research},
	year = {2020},
	bdsk-url-1 = {https://doi.org/10.1145/3396956.3396963}}

@misc{solanaIntro,
	date-added = {2021-11-24 12:37:11 +0100},
	date-modified = {2021-11-24 12:38:03 +0100},
	keywords = {https://www.shinobi-systems.com/primer.html},
	title = {Shinobi Systems' Shinobi Systems' Solana Proof of Stake + Proof of History Primer}}

@misc{SolanaWhitepaper,
	author = {{Yakovenko, A.}},
	date-added = {2021-11-24 12:24:16 +0100},
	date-modified = {2021-12-03 14:02:08 +0100},
	keywords = {https://solana.com/solana-whitepaper.pdf},
	title = {Solana: A new architecture for a high performance blockchain v0.8.13}}

@misc{reflexivity,
	author = {{Davis, J., Hands, W.}},
	date-added = {2021-11-22 20:45:50 +0100},
	date-modified = {2021-12-03 13:55:41 +0100},
	publisher = {Routledge},
	title = {Reflexivity and Economics},
	year = {2018}}

@misc{financialCrisis,
	author = {{Claessens, S., Kose, A.}},
	date-added = {2021-11-22 20:21:55 +0100},
	date-modified = {2021-12-03 13:46:11 +0100},
	publisher = {SSRN Electronic Journal},
	title = {Financial Crises: Explanations, Types, and Implications},
	year = {2013}}

@misc{directDemocracy,
	author = {{Thorley, J.}},
	date-added = {2021-11-22 20:09:38 +0100},
	date-modified = {2021-12-03 14:00:56 +0100},
	howpublished = {Book},
	publisher = {Routledge},
	series = {ISBN 9780415319348},
	title = {Athenian Democracy},
	year = {2004}}

@misc{ClassicalAthens,
	author = {{Wilson, N.}},
	date-added = {2021-11-22 20:03:45 +0100},
	date-modified = {2021-12-03 14:00:38 +0100},
	howpublished = {Book},
	series = {ISBN 0-415-97334-1},
	title = {Encyclopedia of ancient Greece. New York: Routledge},
	year = {2006}}

@misc{pseudowork,
	author = {{Jensen, A., N{\o}rmark, D.}},
	date-added = {2021-11-22 19:49:41 +0100},
	date-modified = {2021-12-03 13:55:58 +0100},
	howpublished = {Book},
	title = {pseudowork},
	year = {2021}}
